<record><leader>00000cas a22000007a 4500</leader><controlfield tag="001">18941554</controlfield><controlfield tag="008">881223d18991925pauwr ne      0    0eng d</controlfield><datafield ind1=" " ind2=" " tag="010"><subfield code="a">sn 89077000 </subfield></datafield><datafield ind1=" " ind2=" " tag="040"><subfield code="a">NPH</subfield><subfield code="b">eng</subfield><subfield code="c">NPH</subfield><subfield code="d">OCLCQ</subfield></datafield><datafield ind1=" " ind2=" " tag="042"><subfield code="a">msc</subfield></datafield><datafield ind1="0" ind2="4" tag="245"><subfield code="a">The Seneca kicker.</subfield></datafield><datafield ind1=" " ind2=" " tag="260"><subfield code="a">Seneca, Pa. :</subfield><subfield code="b">G.B. Moore</subfield></datafield><datafield ind1=" " ind2=" " tag="300"><subfield code="a">v. :</subfield><subfield code="b">ill. ;</subfield><subfield code="c">55 cm.</subfield></datafield><datafield ind1=" " ind2=" " tag="310"><subfield code="a">Weekly,</subfield><subfield code="b">&lt;June 1904&gt;-</subfield></datafield><datafield ind1=" " ind2=" " tag="321"><subfield code="a">Semimonthly,</subfield><subfield code="b">&lt;1902-Mar. 1904&gt;</subfield></datafield><datafield ind1="1" ind2=" " tag="362"><subfield code="a">Began with July 4, 1899 issue? Ceased in 1925?</subfield></datafield><datafield ind1=" " ind2=" " tag="500"><subfield code="a">Publisher: N.S. Kinney, &lt;1904&gt;; Midland Print. Co., &lt;1906&gt;.</subfield></datafield><datafield ind1=" " ind2=" " tag="500"><subfield code="a">Birth announcements in rhyme.</subfield></datafield><datafield ind1=" " ind2=" " tag="500"><subfield code="a">"Devoted to interest of Cranberry Township, Venango Co."</subfield></datafield><datafield ind1=" " ind2=" " tag="500"><subfield code="a">Printed in Oil City, 1919.</subfield></datafield><datafield ind1=" " ind2=" " tag="588"><subfield code="a">Description based on: Vol. 4, no. 1 (July 1, 1902).</subfield></datafield><datafield ind1=" " ind2=" " tag="752"><subfield code="a">United States</subfield><subfield code="b">Pennsylvania</subfield><subfield code="c">Venango</subfield><subfield code="d">Seneca.</subfield></datafield><datafield ind1=" " ind2=" " tag="752"><subfield code="a">United States</subfield><subfield code="b">Pennsylvania</subfield><subfield code="c">Venango</subfield><subfield code="d">Cranberry.</subfield></datafield><datafield ind1=" " ind2=" " tag="752"><subfield code="a">United States</subfield><subfield code="b">Pennsylvania</subfield><subfield code="c">Venango</subfield><subfield code="d">Oil City.</subfield></datafield><datafield ind1="0" ind2="4" tag="785"><subfield code="t">Oil City blizzard</subfield><subfield code="w">(DLC)sn 87080509</subfield></datafield></record>